<?xml version="1.0" encoding="UTF-8"?><collection xmlns="http://www.loc.gov/MARC21/slim"><record><leader>00580nam--2200181-u-4500</leader><controlfield tag="001">000052548</controlfield><controlfield tag="002">20161230</controlfield><controlfield tag="005">20161230201050</controlfield><controlfield tag="008">100907s1000------------r-----000-0-ger-d</controlfield><datafield ind1=" " ind2=" " tag="040"><subfield code="a">IFIN-HH</subfield></datafield><datafield ind1=" " ind2=" " tag="041"><subfield code="a">ger</subfield></datafield><datafield ind1=" " ind2=" " tag="080"><subfield code="a">533.15(043)</subfield></datafield><datafield ind1="1" ind2=" " tag="100"><subfield code="a">Geisler, Dietmar</subfield></datafield><datafield ind1="1" ind2="0" tag="245"><subfield code="a">Energie-Analyse von electronen aus stromstarken gasentladungsquellen</subfield><subfield code="b">Dissertation zur Erlangung des Grades eines Doktors der Naturwissenschaften</subfield><subfield code="c">Dietmar Geisler</subfield></datafield><datafield ind1=" " ind2=" " tag="260"><subfield code="a">Tubingen</subfield><subfield code="b">Eberhard-Karls-Universitat</subfield><subfield code="c">1979</subfield></datafield><datafield ind1=" " ind2=" " tag="300"><subfield code="a">41 p</subfield></datafield><datafield ind1=" " ind2=" " tag="852"><subfield code="a">48463</subfield><subfield code="c">533.6</subfield></datafield><datafield ind1=" " ind2=" " tag="CAT"><subfield code="a">Sys</subfield><subfield code="c">20100907</subfield><subfield code="h">122911</subfield></datafield></record></collection>